%%
%% This is file `./samples/bibliography.bib',
%% generated with the docstrip utility.
%%
%% The original source files were:
%%
%% apa6.dtx  (with options: `bibliography')
%% ----------------------------------------------------------------------
%% 
%% apa6 - A LaTeX class for formatting documents in compliance with the
%% American Psychological Association's Publication Manual, 6th edition
%% 
%% Copyright (C) 2011-2017 by Brian D. Beitzel <brian at beitzel.com>
%% 
%% This work may be distributed and/or modified under the
%% conditions of the LaTeX Project Public License (LPPL), either
%% version 1.3c of this license or (at your option) any later
%% version.  The latest version of this license is in the file:
%% 
%% http://www.latex-project.org/lppl.txt
%% 
%% Users may freely modify these files without permission, as long as the
%% copyright line and this statement are maintained intact.
%% 
%% This work is not endorsed by, affiliated with, or probably even known
%% by, the American Psychological Association.
%% 
%% ----------------------------------------------------------------------
%% 


%%%%%%%%%%%%%%%%%%%%%%%%%%%%%%%%%%%%%%%%
%% Discrete Structures
%% The start of RBS stuff
%%%%%%%%%%%%%%%%%%%%%%%%%%%%%%%%%%%%%%%%


@INBOOK{Bertot2010,
  author = {Bertot, Yves},
  title = {Coq in a Hurry. 3rd cycle.},
  booktitle = {Types Summer School},
  year = {2010},
  pages = {42--42},
  publisher = {Universite de Nice},
  address = {inria-00001173v4},
  url = {https://cel.archives-ouvertes.fr/inria-00001173v5/document},
  urldate = {2020-01-05}
}


@BOOK{Knepley2019,
  author = {Matthew G. Knepley},
  title = {Discrete Structures: Lecture Notes for CSE 191},
  publisher = {University of Buffalo},
  year = {2019},
  url = {https://cse.buffalo.edu/~knepley/classes/cse191/ClassNotes.pdf}
}

@online{Nahas2012,
  author = {Mike Nahas},
  title = {Mike Nahas's Coq Tutorial},
  year = 2012,
  url = {https://coq.inria.fr/tutorial-nahas},
  urldate = {2019-01-22}
}


@BOOK{Rosen2019,
  author = {Kenneth H. Rosen},
  title = {Discrete Mathematics and its Applications},
  publisher = {McGraw-Hill Education},
  edition   = 8,
  year = {2019},
  location = {2 Penn Plaza, New York}
}



%%%%%%%%%%%%%%%%%%%%%%%%%%%%%%%%%%%%%%%%
%% End of RBS stuff
%%%%%%%%%%%%%%%%%%%%%%%%%%%%%%%%%%%%%%%%



%% 
%% Copyright (C) 2011-2017 by Brian D. Beitzel <brian at beitzel.com>
%% 
%% This work may be distributed and/or modified under the
%% conditions of the LaTeX Project Public License (LPPL), either
%% version 1.3c of this license or (at your option) any later
%% version.  The latest version of this license is in the file:
%% 
%% http://www.latex-project.org/lppl.txt
%% 
%% Users may freely modify these files without permission, as long as the
%% copyright line and this statement are maintained intact.
%% 
%% This work is not endorsed by, affiliated with, or probably even known
%% by, the American Psychological Association.
%% 
%% 
%% This work is "maintained" (as per LPPL maintenance status) by
%% Brian D. Beitzel.
%% 
%% This work consists of the file  apa6.dtx
%% and the derived files           apa6.ins,
%%                                 apa6.cls,
%%                                 apa6.pdf,
%%                                 README,
%%                                 APAamerican.txt,
%%                                 APAbritish.txt,
%%                                 APAdutch.txt,
%%                                 APAenglish.txt,
%%                                 APAgerman.txt,
%%                                 APAngerman.txt,
%%                                 APAgreek.txt,
%%                                 APAczech.txt,
%%                                 APAturkish.txt,
%%                                 APAendfloat.cfg,
%%                                 apa6.ptex,
%%                                 TeX2WordForapa6.bas,
%%                                 Figure1.pdf,
%%                                 shortsample.tex,
%%                                 longsample.tex, and
%%                                 bibliography.bib.
%% 
%%
%% End of file `./samples/bibliography.bib'.
